<?xml version="1.0" encoding="UTF-8"?><record xmlns="http://www.loc.gov/MARC21/slim" xmlns:cinclude="http://apache.org/cocoon/include/1.0" xmlns:zs="http://www.loc.gov/zing/srw/">
  <leader>00690cz  a2200181n  4500</leader>
  <controlfield tag="001">nr 91014786 </controlfield>
  <controlfield tag="003">DLC</controlfield>
  <controlfield tag="005">20120809085253.0</controlfield>
  <controlfield tag="008">910430n| acannaab           |a aaa     c</controlfield>
  <datafield tag="010" ind1=" " ind2=" ">
    <subfield code="a">nr 91014786 </subfield>
  </datafield>
  <datafield tag="035" ind1=" " ind2=" ">
    <subfield code="a">(Uk)tb042017</subfield>
  </datafield>
  <datafield tag="040" ind1=" " ind2=" ">
    <subfield code="a">Uk/ESTC-NA</subfield>
    <subfield code="b">eng</subfield>
    <subfield code="c">ESTC-NA</subfield>
    <subfield code="d">DLC</subfield>
  </datafield>
  <datafield tag="100" ind1="1" ind2=" ">
    <subfield code="a">Booth, John,</subfield>
    <subfield code="c">Curate of Kirkby Malzeard</subfield>
  </datafield>
  <datafield tag="400" ind1="1" ind2=" ">
    <subfield code="a">Booth, J.</subfield>
    <subfield code="q">(John),</subfield>
    <subfield code="c">Curate of Kirkby Malzeard</subfield>
  </datafield>
  <datafield tag="667" ind1=" " ind2=" ">
    <subfield code="a">THIS 1XX FIELD CANNOT BE USED UNDER RDA UNTIL THIS RECORD HAS BEEN REVIEWED AND/OR UPDATED</subfield>
  </datafield>
  <datafield tag="667" ind1=" " ind2=" ">
    <subfield code="a">Data provided by the ESTC/BL</subfield>
  </datafield>
  <datafield tag="670" ind1=" " ind2=" ">
    <subfield code="a">His A sermon preached at the chapel of Wibsey, 1799?:</subfield>
    <subfield code="b">t.p. (the Rev. J. Booth)</subfield>
  </datafield>
  <datafield tag="670" ind1=" " ind2=" ">
    <subfield code="a">NUC pre-56</subfield>
    <subfield code="b">(Booth, John, Curate of Kirkby, Yorkshire)</subfield>
  </datafield>
</record>